@book{Grade5LeningradOlympiad,
    title = {Grade Five Competition from the Leningrad Mathematical Olympiad},
    author = {Kseniya Garaschuk and Andy Liu},
    year = {2020},
    publisher = {Springer}
}

@article{PartALinearAlgebraSheet1,
    author = {Alan Lauder},
    title = {Part A Linear Algebra MT 2019 Sheet 1 of 4},
    journal = {Oxford Mathematics Undergraduate Course},
    year = {2019}
}